% This file was created with JabRef 2.10.
% Encoding: MacRoman

@book{wittwer2006introduction,
  title={Introduction to Parallel Programming},
  author={Wittwer, Tobias},
  volume={1},
  year={2006},
  publisher={VSSD}
}

@book{pacheco2011introduction,
  title={An introduction to parallel programming},
  author={Pacheco, Peter},
  year={2011},
  publisher={Elsevier}
}

@book{michael2004parallel,
  title={Parallel Programming in C with MPI and OpenMP},
  author={Michael, J Quirm},
  journal={Dubuque, IA: McGraw-Hill},
  year={2004}
}


